@book{deep16,
  author    = {Ian Goodfellow, Yoshua Bengio and Aaron Courville},
  title     = {Deep learning},
  publisher = {Cambridge, Massachusetts: The MIT Press},
  year      = 2016
}

 @misc{bengio12,
  title   = {Practical recommendations for gradient-based training of deep architectures},
  url     = {https://arxiv.org/abs/1206.5533},
  journal = {arXiv.org},
  year    = {2012}
} 

@online{conv2d,
  title     = {Conv2d | API Documentation | TensorFlow Core v2.4.1},
  publisher = {TensorFlow},
  url       = {https://www.tensorflow.org/api_docs/python/tf/keras/layers/Conv2D},
  urldate   = {2021-04-16}
}

@online{cifar10,
  title     = {Convolutional Neural Network (CNN) | TensorFlow Core},
  publisher = {TensorFlow},
  url       = {https://www.tensorflow.org/tutorials/images/cnn},
  urldate   = {2021-04-16}
}

@online{logits,
  title     = {Machine Learning Glossary | Google Developers},
  publisher = {Google},
  url       = {https://developers.google.com/machine-learning/glossary/#logits},
  urldate   = {2021-04-17}
}

@online{maxpool,
  title     = {Max-pooling / Pooling},
  publisher = {Computer Science Wiki},
  url       = {https://computersciencewiki.org/index.php/Max-pooling_/_Pooling},
  urldate   = {2021-05-01}
}

@misc{diederik14,
  title     = {Adam: A Method for Stochastic Optimization},
  publisher = {arXiv},
  author    = {Diederik P. Kingma, Jimmy Ba},
  year      = {2014}
}

@online{papers,
  title   = {Image Classification on CIFAR-10},
  author  = {Papers with Code},
  url     = {https://paperswithcode.com/sota/image-classification-on-cifar-10},
  urldate = {2021-05-04}
}

@misc{srivastava14,
  title   = {Dropout: A Simple Way to Prevent Neural Networks from
Overfitting},
  author  = {Nitish Srivastava, Geofferey Hinton, Alex Krizhevsky},
  publisher = {Journal of Machine Learning Research},
  year = {2014}
}
